@article{DBLP:journals/dam/YanCHH97,
  author    = {Jing{-}Ho Yan and
               Gerard J. Chang and
               Sandra Mitchell Hedetniemi and
               Stephen T. Hedetniemi},
  title     = {k-Path Partitions in Trees},
  journal   = {Discret. Appl. Math.},
  volume    = {78},
  number    = {1-3},
  pages     = {227--233},
  year      = {1997},
  url       = {https://doi.org/10.1016/S0166-218X(97)00012-7},
  doi       = {10.1016/S0166-218X(97)00012-7},
  timestamp = {Thu, 11 Feb 2021 23:22:16 +0100},
  biburl    = {https://dblp.org/rec/journals/dam/YanCHH97.bib},
  bibsource = {dblp computer science bibliography, https://dblp.org}
}

